
@book{qg06,
  Author = {Bertfried Fauser, Jürgen Tolksdorf, Eberhard Zeidtler},
  Title = {Quantum Gravity: Mathematical Models and Experimental Bounds},
  Publisher = {Birkhäuser},
  Year = {2006}
 }
 
@book{gourgoulhon20123+1,
  title={3+1 Formalism in General Relativity: Bases of Numerical Relativity},
  author={Gourgoulhon, E.},
  isbn={9783642245244},
  lccn={2011942212},
  series={Lecture Notes in Physics},
  url={http://books.google.at/books?id=XwB94Je8nnIC},
  year={2012},
  publisher={Springer}
}

@ARTICLE{2008GReGr..40.1997A,
   author = {{Arnowitt}, R. and {Deser}, S. and {Misner}, C.~W.},
    title = "{Republication of: The dynamics of general relativity}",
  journal = {General Relativity and Gravitation},
   eprint = {gr-qc/0405109},
     year = 2008,
    month = sep,
   volume = 40,
    pages = {1997-2027},
      doi = {10.1007/s10714-008-0661-1},
   adsurl = {http://adsabs.harvard.edu/abs/2008GReGr..40.1997A},
  adsnote = {Provided by the SAO/NASA Astrophysics Data System}
}


@misc{gr-qc/0004005,
Author = {David Wallace},
Title = {The quantization of gravity - an introduction},
Year = {2000},
Eprint = {arXiv:gr-qc/0004005},
}

@book{dirac2001lectures,
  title={Lectures on Quantum Mechanics},
  author={Dirac, P.A.M.},
  isbn={9780486417134},
  lccn={00065608},
  series={Belfer Graduate School of Science, monograph series},
  year={2001},
  publisher={Dover Publications}
}

@article{cjm19510012,
  title={The Hamilton form of field dynamics},
  author={Dirac, P.A.M.},
  journal={Canad. J. Math.},
  year={1951},
  doi={10.4153/CJM-1951-001-2},
  url={http://dx.doi.org/10.4153/CJM-1951-001-2}
}

@BOOK{docarmo76,
	AUTHOR    = "Manfredo Perdigao do Carmo",
	TITLE     = "Differential geometry of curves and surfaces",
	PUBLISHER = "Prentice-Hall",
	YEAR      = "1976",
	EDITION   = "1"
}

@misc{gr-qc/9210011,
Author = {Chris J. Isham},
Title = {Canonical Quantum Gravity and the Problem of Time},
Year = {1992},
Eprint = {arXiv:gr-qc/9210011},
}

@article{PhysRevD.43.419,
  title = {Gaussian reference fluid and interpretation of quantum geometrodynamics},
  author = {Kucha, Karel V. and Torre, Charles G.},
  journal = {Phys. Rev. D},
  volume = {43},
  issue = {2},
  pages = {419--441},
  numpages = {0},
  year = {1991},
  month = {Jan},
  publisher = {American Physical Society},
  doi = {10.1103/PhysRevD.43.419},
  url = {http://link.aps.org/doi/10.1103/PhysRevD.43.419}
}

@article{PhysRevD.28.2960,
  title = {Wave function of the Universe},
  author = {Hartle, J. B. and Hawking, S. W.},
  journal = {Phys. Rev. D},
  volume = {28},
  issue = {12},
  pages = {2960--2975},
  numpages = {0},
  year = {1983},
  month = {Dec},
  publisher = {American Physical Society},
  doi = {10.1103/PhysRevD.28.2960},
  url = {http://link.aps.org/doi/10.1103/PhysRevD.28.2960}
}


